%YAML 1.1
%TAG !u! tag:unity3d.com,2011:
--- !u!1001 &100100000
Prefab:
  m_ObjectHideFlags: 1
  serializedVersion: 2
  m_Modification:
    m_TransformParent: {fileID: 0}
    m_Modifications: []
    m_RemovedComponents: []
  m_ParentPrefab: {fileID: 0}
  m_RootGameObject: {fileID: 1440116581331662}
  m_IsPrefabParent: 1
--- !u!1 &1021392106505606
GameObject:
  m_ObjectHideFlags: 0
  m_PrefabParentObject: {fileID: 0}
  m_PrefabInternal: {fileID: 100100000}
  serializedVersion: 5
  m_Component:
  - component: {fileID: 4335763456557032}
  m_Layer: 0
  m_Name: CATPelvis
  m_TagString: Untagged
  m_Icon: {fileID: 0}
  m_NavMeshLayer: 0
  m_StaticEditorFlags: 0
  m_IsActive: 1
--- !u!1 &1028240534479916
GameObject:
  m_ObjectHideFlags: 1
  m_PrefabParentObject: {fileID: 0}
  m_PrefabInternal: {fileID: 100100000}
  serializedVersion: 5
  m_Component:
  - component: {fileID: 4792639744494752}
  m_Layer: 0
  m_Name: LBracers_slot
  m_TagString: Untagged
  m_Icon: {fileID: 0}
  m_NavMeshLayer: 0
  m_StaticEditorFlags: 0
  m_IsActive: 1
--- !u!1 &1106135060208106
GameObject:
  m_ObjectHideFlags: 1
  m_PrefabParentObject: {fileID: 0}
  m_PrefabInternal: {fileID: 100100000}
  serializedVersion: 5
  m_Component:
  - component: {fileID: 4587204684387088}
  m_Layer: 0
  m_Name: CATRFingers2
  m_TagString: Untagged
  m_Icon: {fileID: 0}
  m_NavMeshLayer: 0
  m_StaticEditorFlags: 0
  m_IsActive: 1
--- !u!1 &1133726755579672
GameObject:
  m_ObjectHideFlags: 1
  m_PrefabParentObject: {fileID: 0}
  m_PrefabInternal: {fileID: 100100000}
  serializedVersion: 5
  m_Component:
  - component: {fileID: 4234657560528468}
  m_Layer: 0
  m_Name: CATRThigh
  m_TagString: Untagged
  m_Icon: {fileID: 0}
  m_NavMeshLayer: 0
  m_StaticEditorFlags: 0
  m_IsActive: 1
--- !u!1 &1149162439856696
GameObject:
  m_ObjectHideFlags: 1
  m_PrefabParentObject: {fileID: 0}
  m_PrefabInternal: {fileID: 100100000}
  serializedVersion: 5
  m_Component:
  - component: {fileID: 4954934381567160}
  m_Layer: 0
  m_Name: CATRFoot
  m_TagString: Untagged
  m_Icon: {fileID: 0}
  m_NavMeshLayer: 0
  m_StaticEditorFlags: 0
  m_IsActive: 1
--- !u!1 &1150394522240496
GameObject:
  m_ObjectHideFlags: 1
  m_PrefabParentObject: {fileID: 0}
  m_PrefabInternal: {fileID: 100100000}
  serializedVersion: 5
  m_Component:
  - component: {fileID: 4024122137751970}
  m_Layer: 0
  m_Name: CATRigLLegDigit11
  m_TagString: Untagged
  m_Icon: {fileID: 0}
  m_NavMeshLayer: 0
  m_StaticEditorFlags: 0
  m_IsActive: 1
--- !u!1 &1151159744148140
GameObject:
  m_ObjectHideFlags: 1
  m_PrefabParentObject: {fileID: 0}
  m_PrefabInternal: {fileID: 100100000}
  serializedVersion: 5
  m_Component:
  - component: {fileID: 4518413847268640}
  m_Layer: 0
  m_Name: CATNeck
  m_TagString: Untagged
  m_Icon: {fileID: 0}
  m_NavMeshLayer: 0
  m_StaticEditorFlags: 0
  m_IsActive: 1
--- !u!1 &1164036460341484
GameObject:
  m_ObjectHideFlags: 1
  m_PrefabParentObject: {fileID: 0}
  m_PrefabInternal: {fileID: 100100000}
  serializedVersion: 5
  m_Component:
  - component: {fileID: 4065904580837452}
  m_Layer: 0
  m_Name: CATLFingers2
  m_TagString: Untagged
  m_Icon: {fileID: 0}
  m_NavMeshLayer: 0
  m_StaticEditorFlags: 0
  m_IsActive: 1
--- !u!1 &1180514365028002
GameObject:
  m_ObjectHideFlags: 1
  m_PrefabParentObject: {fileID: 0}
  m_PrefabInternal: {fileID: 100100000}
  serializedVersion: 5
  m_Component:
  - component: {fileID: 4916398686749354}
  m_Layer: 0
  m_Name: CATRToe1
  m_TagString: Untagged
  m_Icon: {fileID: 0}
  m_NavMeshLayer: 0
  m_StaticEditorFlags: 0
  m_IsActive: 1
--- !u!1 &1184842207643730
GameObject:
  m_ObjectHideFlags: 0
  m_PrefabParentObject: {fileID: 0}
  m_PrefabInternal: {fileID: 100100000}
  serializedVersion: 5
  m_Component:
  - component: {fileID: 4169861736271762}
  - component: {fileID: 137172868039609168}
  m_Layer: 0
  m_Name: NPC_Bag_006
  m_TagString: Untagged
  m_Icon: {fileID: 0}
  m_NavMeshLayer: 0
  m_StaticEditorFlags: 0
  m_IsActive: 1
--- !u!1 &1191577423575270
GameObject:
  m_ObjectHideFlags: 1
  m_PrefabParentObject: {fileID: 0}
  m_PrefabInternal: {fileID: 100100000}
  serializedVersion: 5
  m_Component:
  - component: {fileID: 4508644279585298}
  m_Layer: 0
  m_Name: CATRArm
  m_TagString: Untagged
  m_Icon: {fileID: 0}
  m_NavMeshLayer: 0
  m_StaticEditorFlags: 0
  m_IsActive: 1
--- !u!1 &1226410939432878
GameObject:
  m_ObjectHideFlags: 1
  m_PrefabParentObject: {fileID: 0}
  m_PrefabInternal: {fileID: 100100000}
  serializedVersion: 5
  m_Component:
  - component: {fileID: 4017641756075898}
  m_Layer: 0
  m_Name: CATRThumb2
  m_TagString: Untagged
  m_Icon: {fileID: 0}
  m_NavMeshLayer: 0
  m_StaticEditorFlags: 0
  m_IsActive: 1
--- !u!1 &1233895755195012
GameObject:
  m_ObjectHideFlags: 1
  m_PrefabParentObject: {fileID: 0}
  m_PrefabInternal: {fileID: 100100000}
  serializedVersion: 5
  m_Component:
  - component: {fileID: 4422928861395160}
  m_Layer: 0
  m_Name: RBracers_slot
  m_TagString: Untagged
  m_Icon: {fileID: 0}
  m_NavMeshLayer: 0
  m_StaticEditorFlags: 0
  m_IsActive: 1
--- !u!1 &1262013148281606
GameObject:
  m_ObjectHideFlags: 1
  m_PrefabParentObject: {fileID: 0}
  m_PrefabInternal: {fileID: 100100000}
  serializedVersion: 5
  m_Component:
  - component: {fileID: 4359852568279568}
  m_Layer: 0
  m_Name: CATRFingers1
  m_TagString: Untagged
  m_Icon: {fileID: 0}
  m_NavMeshLayer: 0
  m_StaticEditorFlags: 0
  m_IsActive: 1
--- !u!1 &1264774665400076
GameObject:
  m_ObjectHideFlags: 1
  m_PrefabParentObject: {fileID: 0}
  m_PrefabInternal: {fileID: 100100000}
  serializedVersion: 5
  m_Component:
  - component: {fileID: 4996454181290442}
  m_Layer: 0
  m_Name: RShoulders_slot
  m_TagString: Untagged
  m_Icon: {fileID: 0}
  m_NavMeshLayer: 0
  m_StaticEditorFlags: 0
  m_IsActive: 1
--- !u!1 &1289460357999230
GameObject:
  m_ObjectHideFlags: 1
  m_PrefabParentObject: {fileID: 0}
  m_PrefabInternal: {fileID: 100100000}
  serializedVersion: 5
  m_Component:
  - component: {fileID: 4059394555921758}
  - component: {fileID: 33725938417083136}
  - component: {fileID: 23475319021961626}
  m_Layer: 0
  m_Name: NPC_Beard_008
  m_TagString: Untagged
  m_Icon: {fileID: 0}
  m_NavMeshLayer: 0
  m_StaticEditorFlags: 0
  m_IsActive: 1
--- !u!1 &1296305873174076
GameObject:
  m_ObjectHideFlags: 1
  m_PrefabParentObject: {fileID: 0}
  m_PrefabInternal: {fileID: 100100000}
  serializedVersion: 5
  m_Component:
  - component: {fileID: 4003311821383286}
  m_Layer: 0
  m_Name: CATRCalf
  m_TagString: Untagged
  m_Icon: {fileID: 0}
  m_NavMeshLayer: 0
  m_StaticEditorFlags: 0
  m_IsActive: 1
--- !u!1 &1321938453777754
GameObject:
  m_ObjectHideFlags: 1
  m_PrefabParentObject: {fileID: 0}
  m_PrefabInternal: {fileID: 100100000}
  serializedVersion: 5
  m_Component:
  - component: {fileID: 4503679540110202}
  m_Layer: 0
  m_Name: ShieldBow_Slot
  m_TagString: Untagged
  m_Icon: {fileID: 0}
  m_NavMeshLayer: 0
  m_StaticEditorFlags: 0
  m_IsActive: 1
--- !u!1 &1322089738875454
GameObject:
  m_ObjectHideFlags: 1
  m_PrefabParentObject: {fileID: 0}
  m_PrefabInternal: {fileID: 100100000}
  serializedVersion: 5
  m_Component:
  - component: {fileID: 4752522355149506}
  m_Layer: 0
  m_Name: CATRThumb1
  m_TagString: Untagged
  m_Icon: {fileID: 0}
  m_NavMeshLayer: 0
  m_StaticEditorFlags: 0
  m_IsActive: 1
--- !u!1 &1348463519923428
GameObject:
  m_ObjectHideFlags: 1
  m_PrefabParentObject: {fileID: 0}
  m_PrefabInternal: {fileID: 100100000}
  serializedVersion: 5
  m_Component:
  - component: {fileID: 4801994229450712}
  m_Layer: 0
  m_Name: CATLClavicle
  m_TagString: Untagged
  m_Icon: {fileID: 0}
  m_NavMeshLayer: 0
  m_StaticEditorFlags: 0
  m_IsActive: 1
--- !u!1 &1379767546524486
GameObject:
  m_ObjectHideFlags: 1
  m_PrefabParentObject: {fileID: 0}
  m_PrefabInternal: {fileID: 100100000}
  serializedVersion: 5
  m_Component:
  - component: {fileID: 4202771664195308}
  m_Layer: 0
  m_Name: CATSpine3
  m_TagString: Untagged
  m_Icon: {fileID: 0}
  m_NavMeshLayer: 0
  m_StaticEditorFlags: 0
  m_IsActive: 1
--- !u!1 &1380576047488284
GameObject:
  m_ObjectHideFlags: 0
  m_PrefabParentObject: {fileID: 0}
  m_PrefabInternal: {fileID: 100100000}
  serializedVersion: 5
  m_Component:
  - component: {fileID: 4335843886116330}
  m_Layer: 0
  m_Name: CATRigLArmIKTarget
  m_TagString: Untagged
  m_Icon: {fileID: 0}
  m_NavMeshLayer: 0
  m_StaticEditorFlags: 0
  m_IsActive: 1
--- !u!1 &1412760039835062
GameObject:
  m_ObjectHideFlags: 0
  m_PrefabParentObject: {fileID: 0}
  m_PrefabInternal: {fileID: 100100000}
  serializedVersion: 5
  m_Component:
  - component: {fileID: 4226579099337910}
  m_Layer: 0
  m_Name: Particle View 001
  m_TagString: Untagged
  m_Icon: {fileID: 0}
  m_NavMeshLayer: 0
  m_StaticEditorFlags: 0
  m_IsActive: 1
--- !u!1 &1440116581331662
GameObject:
  m_ObjectHideFlags: 0
  m_PrefabParentObject: {fileID: 0}
  m_PrefabInternal: {fileID: 100100000}
  serializedVersion: 5
  m_Component:
  - component: {fileID: 4145096301147072}
  - component: {fileID: 95197702748113494}
  - component: {fileID: 195553205078966924}
  - component: {fileID: 114629767694352414}
  - component: {fileID: 114711611331815260}
  m_Layer: 0
  m_Name: Lumberjack
  m_TagString: Untagged
  m_Icon: {fileID: 0}
  m_NavMeshLayer: 0
  m_StaticEditorFlags: 0
  m_IsActive: 1
--- !u!1 &1454661173206546
GameObject:
  m_ObjectHideFlags: 1
  m_PrefabParentObject: {fileID: 0}
  m_PrefabInternal: {fileID: 100100000}
  serializedVersion: 5
  m_Component:
  - component: {fileID: 4031313335547944}
  m_Layer: 0
  m_Name: CATRForearm
  m_TagString: Untagged
  m_Icon: {fileID: 0}
  m_NavMeshLayer: 0
  m_StaticEditorFlags: 0
  m_IsActive: 1
--- !u!1 &1465080750146218
GameObject:
  m_ObjectHideFlags: 1
  m_PrefabParentObject: {fileID: 0}
  m_PrefabInternal: {fileID: 100100000}
  serializedVersion: 5
  m_Component:
  - component: {fileID: 4620583994036068}
  m_Layer: 0
  m_Name: CATSpine1
  m_TagString: Untagged
  m_Icon: {fileID: 0}
  m_NavMeshLayer: 0
  m_StaticEditorFlags: 0
  m_IsActive: 1
--- !u!1 &1466571173103410
GameObject:
  m_ObjectHideFlags: 1
  m_PrefabParentObject: {fileID: 0}
  m_PrefabInternal: {fileID: 100100000}
  serializedVersion: 5
  m_Component:
  - component: {fileID: 4783910897977016}
  m_Layer: 0
  m_Name: CATRHand
  m_TagString: Untagged
  m_Icon: {fileID: 0}
  m_NavMeshLayer: 0
  m_StaticEditorFlags: 0
  m_IsActive: 1
--- !u!1 &1468779288161878
GameObject:
  m_ObjectHideFlags: 1
  m_PrefabParentObject: {fileID: 0}
  m_PrefabInternal: {fileID: 100100000}
  serializedVersion: 5
  m_Component:
  - component: {fileID: 4025723974120718}
  m_Layer: 0
  m_Name: CATHead
  m_TagString: Untagged
  m_Icon: {fileID: 0}
  m_NavMeshLayer: 0
  m_StaticEditorFlags: 0
  m_IsActive: 1
--- !u!1 &1484534302817546
GameObject:
  m_ObjectHideFlags: 1
  m_PrefabParentObject: {fileID: 0}
  m_PrefabInternal: {fileID: 100100000}
  serializedVersion: 5
  m_Component:
  - component: {fileID: 4441359365096930}
  m_Layer: 0
  m_Name: CATLForearm
  m_TagString: Untagged
  m_Icon: {fileID: 0}
  m_NavMeshLayer: 0
  m_StaticEditorFlags: 0
  m_IsActive: 1
--- !u!1 &1494848455060806
GameObject:
  m_ObjectHideFlags: 1
  m_PrefabParentObject: {fileID: 0}
  m_PrefabInternal: {fileID: 100100000}
  serializedVersion: 5
  m_Component:
  - component: {fileID: 4619103649373628}
  m_Layer: 0
  m_Name: CATSpine2
  m_TagString: Untagged
  m_Icon: {fileID: 0}
  m_NavMeshLayer: 0
  m_StaticEditorFlags: 0
  m_IsActive: 1
--- !u!1 &1538866298968218
GameObject:
  m_ObjectHideFlags: 1
  m_PrefabParentObject: {fileID: 0}
  m_PrefabInternal: {fileID: 100100000}
  serializedVersion: 5
  m_Component:
  - component: {fileID: 4146956460957250}
  m_Layer: 0
  m_Name: CATLCalf
  m_TagString: Untagged
  m_Icon: {fileID: 0}
  m_NavMeshLayer: 0
  m_StaticEditorFlags: 0
  m_IsActive: 1
--- !u!1 &1562411628586204
GameObject:
  m_ObjectHideFlags: 1
  m_PrefabParentObject: {fileID: 0}
  m_PrefabInternal: {fileID: 100100000}
  serializedVersion: 5
  m_Component:
  - component: {fileID: 4593160828960432}
  m_Layer: 0
  m_Name: LShoulders_slot
  m_TagString: Untagged
  m_Icon: {fileID: 0}
  m_NavMeshLayer: 0
  m_StaticEditorFlags: 0
  m_IsActive: 1
--- !u!1 &1565072554503870
GameObject:
  m_ObjectHideFlags: 1
  m_PrefabParentObject: {fileID: 0}
  m_PrefabInternal: {fileID: 100100000}
  serializedVersion: 5
  m_Component:
  - component: {fileID: 4271342417859044}
  m_Layer: 0
  m_Name: Backet_Bone
  m_TagString: Untagged
  m_Icon: {fileID: 0}
  m_NavMeshLayer: 0
  m_StaticEditorFlags: 0
  m_IsActive: 1
--- !u!1 &1666549870947834
GameObject:
  m_ObjectHideFlags: 1
  m_PrefabParentObject: {fileID: 0}
  m_PrefabInternal: {fileID: 100100000}
  serializedVersion: 5
  m_Component:
  - component: {fileID: 4467642831878954}
  m_Layer: 0
  m_Name: CATLThumb2
  m_TagString: Untagged
  m_Icon: {fileID: 0}
  m_NavMeshLayer: 0
  m_StaticEditorFlags: 0
  m_IsActive: 1
--- !u!1 &1736064554089736
GameObject:
  m_ObjectHideFlags: 1
  m_PrefabParentObject: {fileID: 0}
  m_PrefabInternal: {fileID: 100100000}
  serializedVersion: 5
  m_Component:
  - component: {fileID: 4028782524753748}
  - component: {fileID: 33191015318509206}
  - component: {fileID: 23623412372838530}
  m_Layer: 0
  m_Name: NPC_Hair_009
  m_TagString: Untagged
  m_Icon: {fileID: 0}
  m_NavMeshLayer: 0
  m_StaticEditorFlags: 0
  m_IsActive: 1
--- !u!1 &1744089212040502
GameObject:
  m_ObjectHideFlags: 0
  m_PrefabParentObject: {fileID: 0}
  m_PrefabInternal: {fileID: 100100000}
  serializedVersion: 5
  m_Component:
  - component: {fileID: 4822894815300914}
  m_Layer: 0
  m_Name: CATRigRArmIKTarget
  m_TagString: Untagged
  m_Icon: {fileID: 0}
  m_NavMeshLayer: 0
  m_StaticEditorFlags: 0
  m_IsActive: 1
--- !u!1 &1763478387580138
GameObject:
  m_ObjectHideFlags: 1
  m_PrefabParentObject: {fileID: 0}
  m_PrefabInternal: {fileID: 100100000}
  serializedVersion: 5
  m_Component:
  - component: {fileID: 4676822868624916}
  - component: {fileID: 33015475393656860}
  - component: {fileID: 23900204489274178}
  m_Layer: 0
  m_Name: NPC_Tools_Axe_004
  m_TagString: Untagged
  m_Icon: {fileID: 0}
  m_NavMeshLayer: 0
  m_StaticEditorFlags: 0
  m_IsActive: 1
--- !u!1 &1765022362109138
GameObject:
  m_ObjectHideFlags: 1
  m_PrefabParentObject: {fileID: 0}
  m_PrefabInternal: {fileID: 100100000}
  serializedVersion: 5
  m_Component:
  - component: {fileID: 4815759139997320}
  m_Layer: 0
  m_Name: WeaponSlotPelvis
  m_TagString: Untagged
  m_Icon: {fileID: 0}
  m_NavMeshLayer: 0
  m_StaticEditorFlags: 0
  m_IsActive: 1
--- !u!1 &1793368739250990
GameObject:
  m_ObjectHideFlags: 1
  m_PrefabParentObject: {fileID: 0}
  m_PrefabInternal: {fileID: 100100000}
  serializedVersion: 5
  m_Component:
  - component: {fileID: 4703214742927632}
  m_Layer: 0
  m_Name: CATLArm
  m_TagString: Untagged
  m_Icon: {fileID: 0}
  m_NavMeshLayer: 0
  m_StaticEditorFlags: 0
  m_IsActive: 1
--- !u!1 &1795673100265454
GameObject:
  m_ObjectHideFlags: 1
  m_PrefabParentObject: {fileID: 0}
  m_PrefabInternal: {fileID: 100100000}
  serializedVersion: 5
  m_Component:
  - component: {fileID: 4756759799930132}
  m_Layer: 0
  m_Name: CATLThumb1
  m_TagString: Untagged
  m_Icon: {fileID: 0}
  m_NavMeshLayer: 0
  m_StaticEditorFlags: 0
  m_IsActive: 1
--- !u!1 &1798264092903534
GameObject:
  m_ObjectHideFlags: 0
  m_PrefabParentObject: {fileID: 0}
  m_PrefabInternal: {fileID: 100100000}
  serializedVersion: 5
  m_Component:
  - component: {fileID: 4532845168728078}
  m_Layer: 0
  m_Name: CATLLegPlatform
  m_TagString: Untagged
  m_Icon: {fileID: 0}
  m_NavMeshLayer: 0
  m_StaticEditorFlags: 0
  m_IsActive: 1
--- !u!1 &1810468947230788
GameObject:
  m_ObjectHideFlags: 1
  m_PrefabParentObject: {fileID: 0}
  m_PrefabInternal: {fileID: 100100000}
  serializedVersion: 5
  m_Component:
  - component: {fileID: 4124449565692740}
  m_Layer: 0
  m_Name: CATLFoot
  m_TagString: Untagged
  m_Icon: {fileID: 0}
  m_NavMeshLayer: 0
  m_StaticEditorFlags: 0
  m_IsActive: 1
--- !u!1 &1871363825865820
GameObject:
  m_ObjectHideFlags: 1
  m_PrefabParentObject: {fileID: 0}
  m_PrefabInternal: {fileID: 100100000}
  serializedVersion: 5
  m_Component:
  - component: {fileID: 4996636058234818}
  m_Layer: 0
  m_Name: CATRClavicle
  m_TagString: Untagged
  m_Icon: {fileID: 0}
  m_NavMeshLayer: 0
  m_StaticEditorFlags: 0
  m_IsActive: 1
--- !u!1 &1876586084167602
GameObject:
  m_ObjectHideFlags: 0
  m_PrefabParentObject: {fileID: 0}
  m_PrefabInternal: {fileID: 100100000}
  serializedVersion: 5
  m_Component:
  - component: {fileID: 4516001620947198}
  m_Layer: 0
  m_Name: CATRLegPlatform
  m_TagString: Untagged
  m_Icon: {fileID: 0}
  m_NavMeshLayer: 0
  m_StaticEditorFlags: 0
  m_IsActive: 1
--- !u!1 &1879663545888594
GameObject:
  m_ObjectHideFlags: 1
  m_PrefabParentObject: {fileID: 0}
  m_PrefabInternal: {fileID: 100100000}
  serializedVersion: 5
  m_Component:
  - component: {fileID: 4349606625306660}
  m_Layer: 0
  m_Name: CATLFingers1
  m_TagString: Untagged
  m_Icon: {fileID: 0}
  m_NavMeshLayer: 0
  m_StaticEditorFlags: 0
  m_IsActive: 1
--- !u!1 &1885741482863704
GameObject:
  m_ObjectHideFlags: 1
  m_PrefabParentObject: {fileID: 0}
  m_PrefabInternal: {fileID: 100100000}
  serializedVersion: 5
  m_Component:
  - component: {fileID: 4004218417076584}
  m_Layer: 0
  m_Name: CATLHand
  m_TagString: Untagged
  m_Icon: {fileID: 0}
  m_NavMeshLayer: 0
  m_StaticEditorFlags: 0
  m_IsActive: 1
--- !u!1 &1913354825412030
GameObject:
  m_ObjectHideFlags: 1
  m_PrefabParentObject: {fileID: 0}
  m_PrefabInternal: {fileID: 100100000}
  serializedVersion: 5
  m_Component:
  - component: {fileID: 4316313341789888}
  m_Layer: 0
  m_Name: CATRToe2
  m_TagString: Untagged
  m_Icon: {fileID: 0}
  m_NavMeshLayer: 0
  m_StaticEditorFlags: 0
  m_IsActive: 1
--- !u!1 &1921939570491994
GameObject:
  m_ObjectHideFlags: 0
  m_PrefabParentObject: {fileID: 0}
  m_PrefabInternal: {fileID: 100100000}
  serializedVersion: 5
  m_Component:
  - component: {fileID: 4346237783955932}
  m_Layer: 0
  m_Name: Character001
  m_TagString: Untagged
  m_Icon: {fileID: 0}
  m_NavMeshLayer: 0
  m_StaticEditorFlags: 0
  m_IsActive: 1
--- !u!1 &1922878875444258
GameObject:
  m_ObjectHideFlags: 1
  m_PrefabParentObject: {fileID: 0}
  m_PrefabInternal: {fileID: 100100000}
  serializedVersion: 5
  m_Component:
  - component: {fileID: 4084440950878312}
  m_Layer: 0
  m_Name: Head_slot
  m_TagString: Untagged
  m_Icon: {fileID: 0}
  m_NavMeshLayer: 0
  m_StaticEditorFlags: 0
  m_IsActive: 1
--- !u!1 &1923021025214108
GameObject:
  m_ObjectHideFlags: 0
  m_PrefabParentObject: {fileID: 0}
  m_PrefabInternal: {fileID: 100100000}
  serializedVersion: 5
  m_Component:
  - component: {fileID: 4745200239278642}
  - component: {fileID: 137359823644415384}
  m_Layer: 0
  m_Name: NPC_Man_Normal001
  m_TagString: Untagged
  m_Icon: {fileID: 0}
  m_NavMeshLayer: 0
  m_StaticEditorFlags: 0
  m_IsActive: 1
--- !u!1 &1949175616667260
GameObject:
  m_ObjectHideFlags: 1
  m_PrefabParentObject: {fileID: 0}
  m_PrefabInternal: {fileID: 100100000}
  serializedVersion: 5
  m_Component:
  - component: {fileID: 4118827151330136}
  m_Layer: 0
  m_Name: WeaponSlot
  m_TagString: Untagged
  m_Icon: {fileID: 0}
  m_NavMeshLayer: 0
  m_StaticEditorFlags: 0
  m_IsActive: 1
--- !u!1 &1953132621138764
GameObject:
  m_ObjectHideFlags: 1
  m_PrefabParentObject: {fileID: 0}
  m_PrefabInternal: {fileID: 100100000}
  serializedVersion: 5
  m_Component:
  - component: {fileID: 4354241833065304}
  m_Layer: 0
  m_Name: CATLThigh
  m_TagString: Untagged
  m_Icon: {fileID: 0}
  m_NavMeshLayer: 0
  m_StaticEditorFlags: 0
  m_IsActive: 1
--- !u!1 &1959313469298818
GameObject:
  m_ObjectHideFlags: 1
  m_PrefabParentObject: {fileID: 0}
  m_PrefabInternal: {fileID: 100100000}
  serializedVersion: 5
  m_Component:
  - component: {fileID: 4770878707440750}
  m_Layer: 0
  m_Name: CATRigLLegDigit12
  m_TagString: Untagged
  m_Icon: {fileID: 0}
  m_NavMeshLayer: 0
  m_StaticEditorFlags: 0
  m_IsActive: 1
--- !u!4 &4003311821383286
Transform:
  m_ObjectHideFlags: 1
  m_PrefabParentObject: {fileID: 0}
  m_PrefabInternal: {fileID: 100100000}
  m_GameObject: {fileID: 1296305873174076}
  m_LocalRotation: {x: -0.093967035, y: -0.018654292, z: 0.051696934, w: 0.9940572}
  m_LocalPosition: {x: -0.08648798, y: -0.0000000011920929, z: 0}
  m_LocalScale: {x: 1.0000002, y: 1.0000002, z: 1}
  m_Children:
  - {fileID: 4954934381567160}
  m_Father: {fileID: 4234657560528468}
  m_RootOrder: 0
  m_LocalEulerAnglesHint: {x: 0, y: 0, z: 0}
--- !u!4 &4004218417076584
Transform:
  m_ObjectHideFlags: 1
  m_PrefabParentObject: {fileID: 0}
  m_PrefabInternal: {fileID: 100100000}
  m_GameObject: {fileID: 1885741482863704}
  m_LocalRotation: {x: 0.70719707, y: 0.003339073, z: -0.01825973, w: 0.7067728}
  m_LocalPosition: {x: -0.1599723, y: -5.9604643e-10, z: 0}
  m_LocalScale: {x: 0.99999994, y: 1, z: 1.0000001}
  m_Children:
  - {fileID: 4349606625306660}
  - {fileID: 4756759799930132}
  - {fileID: 4503679540110202}
  m_Father: {fileID: 4441359365096930}
  m_RootOrder: 0
  m_LocalEulerAnglesHint: {x: 0, y: 0, z: 0}
--- !u!4 &4017641756075898
Transform:
  m_ObjectHideFlags: 1
  m_PrefabParentObject: {fileID: 0}
  m_PrefabInternal: {fileID: 100100000}
  m_GameObject: {fileID: 1226410939432878}
  m_LocalRotation: {x: 0.015659818, y: -0.12939176, z: -0.0070436527, w: 0.9914449}
  m_LocalPosition: {x: -0.03703453, y: -0.000000076293944, z: 0.000000038146972}
  m_LocalScale: {x: 1, y: 0.99999994, z: 1}
  m_Children: []
  m_Father: {fileID: 4752522355149506}
  m_RootOrder: 0
  m_LocalEulerAnglesHint: {x: 0, y: 0, z: 0}
--- !u!4 &4024122137751970
Transform:
  m_ObjectHideFlags: 1
  m_PrefabParentObject: {fileID: 0}
  m_PrefabInternal: {fileID: 100100000}
  m_GameObject: {fileID: 1150394522240496}
  m_LocalRotation: {x: -0.00000023501838, y: 0.00002637426, z: -0.0135640735, w: 0.99990803}
  m_LocalPosition: {x: -0.050501626, y: 0, z: 0}
  m_LocalScale: {x: 1, y: 1, z: 1}
  m_Children:
  - {fileID: 4770878707440750}
  m_Father: {fileID: 4124449565692740}
  m_RootOrder: 0
  m_LocalEulerAnglesHint: {x: 0, y: 0, z: 0}
--- !u!4 &4025723974120718
Transform:
  m_ObjectHideFlags: 1
  m_PrefabParentObject: {fileID: 0}
  m_PrefabInternal: {fileID: 100100000}
  m_GameObject: {fileID: 1468779288161878}
  m_LocalRotation: {x: 7.1054274e-15, y: -3.2693236e-14, z: -7.1054274e-15, w: 1}
  m_LocalPosition: {x: -0.19393471, y: 0, z: -2.7622087e-15}
  m_LocalScale: {x: 1, y: 1, z: 1}
  m_Children:
  - {fileID: 4084440950878312}
  m_Father: {fileID: 4518413847268640}
  m_RootOrder: 0
  m_LocalEulerAnglesHint: {x: 0, y: 0, z: 0}
--- !u!4 &4028782524753748
Transform:
  m_ObjectHideFlags: 1
  m_PrefabParentObject: {fileID: 0}
  m_PrefabInternal: {fileID: 100100000}
  m_GameObject: {fileID: 1736064554089736}
  m_LocalRotation: {x: 1.4210855e-14, y: 3.3881318e-21, z: -7.1054274e-15, w: 1}
  m_LocalPosition: {x: -0, y: 0, z: 0}
  m_LocalScale: {x: 1, y: 1, z: 1}
  m_Children: []
  m_Father: {fileID: 4084440950878312}
  m_RootOrder: 1
  m_LocalEulerAnglesHint: {x: 0, y: 0, z: 0}
--- !u!4 &4031313335547944
Transform:
  m_ObjectHideFlags: 1
  m_PrefabParentObject: {fileID: 0}
  m_PrefabInternal: {fileID: 100100000}
  m_GameObject: {fileID: 1454661173206546}
  m_LocalRotation: {x: -0.0015235617, y: -0.009528558, z: 0.009854063, w: 0.99990493}
  m_LocalPosition: {x: -0.18255997, y: 0, z: 0}
  m_LocalScale: {x: 0.99999994, y: 1.0000001, z: 1}
  m_Children:
  - {fileID: 4783910897977016}
  - {fileID: 4422928861395160}
  m_Father: {fileID: 4508644279585298}
  m_RootOrder: 0
  m_LocalEulerAnglesHint: {x: 0, y: 0, z: 0}
--- !u!4 &4059394555921758
Transform:
  m_ObjectHideFlags: 1
  m_PrefabParentObject: {fileID: 0}
  m_PrefabInternal: {fileID: 100100000}
  m_GameObject: {fileID: 1289460357999230}
  m_LocalRotation: {x: 0.000000043711392, y: -0.000000043711395, z: -0.00000004371139,
    w: 1}
  m_LocalPosition: {x: -0, y: 0, z: 0}
  m_LocalScale: {x: 1, y: 1, z: 1}
  m_Children: []
  m_Father: {fileID: 4084440950878312}
  m_RootOrder: 0
  m_LocalEulerAnglesHint: {x: 0, y: 0, z: 0}
--- !u!4 &4065904580837452
Transform:
  m_ObjectHideFlags: 1
  m_PrefabParentObject: {fileID: 0}
  m_PrefabInternal: {fileID: 100100000}
  m_GameObject: {fileID: 1164036460341484}
  m_LocalRotation: {x: 0.000000060361344, y: -0.000000023610484, z: -0.000000009313225,
    w: 1}
  m_LocalPosition: {x: -0.061029546, y: 0, z: -0.0000000023841857}
  m_LocalScale: {x: 0.99999994, y: 0.99999994, z: 1.0000001}
  m_Children: []
  m_Father: {fileID: 4349606625306660}
  m_RootOrder: 0
  m_LocalEulerAnglesHint: {x: 0, y: 0, z: 0}
--- !u!4 &4084440950878312
Transform:
  m_ObjectHideFlags: 1
  m_PrefabParentObject: {fileID: 0}
  m_PrefabInternal: {fileID: 100100000}
  m_GameObject: {fileID: 1922878875444258}
  m_LocalRotation: {x: 6.8083316e-25, y: -1.7817527e-16, z: 0.000000003821143, w: 1}
  m_LocalPosition: {x: -0, y: 0.007279564, z: -0.00063627237}
  m_LocalScale: {x: 1.048375, y: 1.0483748, z: 1.0483749}
  m_Children:
  - {fileID: 4059394555921758}
  - {fileID: 4028782524753748}
  m_Father: {fileID: 4025723974120718}
  m_RootOrder: 0
  m_LocalEulerAnglesHint: {x: 0, y: 0, z: 0}
--- !u!4 &4118827151330136
Transform:
  m_ObjectHideFlags: 1
  m_PrefabParentObject: {fileID: 0}
  m_PrefabInternal: {fileID: 100100000}
  m_GameObject: {fileID: 1949175616667260}
  m_LocalRotation: {x: -0.7114841, y: -0.0017198545, z: -0.000392077, w: 0.7027}
  m_LocalPosition: {x: -0.04532089, y: 0.039457243, z: -0.009220155}
  m_LocalScale: {x: 0.99999994, y: 1, z: 0.9999998}
  m_Children:
  - {fileID: 4676822868624916}
  m_Father: {fileID: 4783910897977016}
  m_RootOrder: 2
  m_LocalEulerAnglesHint: {x: 0, y: 0, z: 0}
--- !u!4 &4124449565692740
Transform:
  m_ObjectHideFlags: 1
  m_PrefabParentObject: {fileID: 0}
  m_PrefabInternal: {fileID: 100100000}
  m_GameObject: {fileID: 1810468947230788}
  m_LocalRotation: {x: -0.08874081, y: 0.027995626, z: -0.72383356, w: 0.6836712}
  m_LocalPosition: {x: -0.12241308, y: -0.000000028610229, z: 0.0000041294097}
  m_LocalScale: {x: 0.99999994, y: 1.000007, z: 0.99999374}
  m_Children:
  - {fileID: 4024122137751970}
  m_Father: {fileID: 4146956460957250}
  m_RootOrder: 0
  m_LocalEulerAnglesHint: {x: 0, y: 0, z: 0}
--- !u!4 &4145096301147072
Transform:
  m_ObjectHideFlags: 1
  m_PrefabParentObject: {fileID: 0}
  m_PrefabInternal: {fileID: 100100000}
  m_GameObject: {fileID: 1440116581331662}
  m_LocalRotation: {x: 0, y: 0, z: 0, w: 1}
  m_LocalPosition: {x: 51.93529, y: 2.218759, z: 27.99311}
  m_LocalScale: {x: 1, y: 1, z: 1}
  m_Children:
  - {fileID: 4532845168728078}
  - {fileID: 4335763456557032}
  - {fileID: 4335843886116330}
  - {fileID: 4822894815300914}
  - {fileID: 4516001620947198}
  - {fileID: 4346237783955932}
  - {fileID: 4169861736271762}
  - {fileID: 4745200239278642}
  - {fileID: 4226579099337910}
  m_Father: {fileID: 0}
  m_RootOrder: 0
  m_LocalEulerAnglesHint: {x: 0, y: 0, z: 0}
--- !u!4 &4146956460957250
Transform:
  m_ObjectHideFlags: 1
  m_PrefabParentObject: {fileID: 0}
  m_PrefabInternal: {fileID: 100100000}
  m_GameObject: {fileID: 1538866298968218}
  m_LocalRotation: {x: 0.09437858, y: 0.018623292, z: 0.05142839, w: 0.9940327}
  m_LocalPosition: {x: -0.08648802, y: -0.0000000011920929, z: 0}
  m_LocalScale: {x: 1.0000014, y: 1.0000002, z: 0.9999989}
  m_Children:
  - {fileID: 4124449565692740}
  m_Father: {fileID: 4354241833065304}
  m_RootOrder: 0
  m_LocalEulerAnglesHint: {x: 0, y: 0, z: 0}
--- !u!4 &4169861736271762
Transform:
  m_ObjectHideFlags: 1
  m_PrefabParentObject: {fileID: 0}
  m_PrefabInternal: {fileID: 100100000}
  m_GameObject: {fileID: 1184842207643730}
  m_LocalRotation: {x: -0.744407, y: 0, z: 0, w: 0.66772616}
  m_LocalPosition: {x: -0, y: 0.5, z: 0}
  m_LocalScale: {x: 1, y: 1, z: 1}
  m_Children: []
  m_Father: {fileID: 4145096301147072}
  m_RootOrder: 6
  m_LocalEulerAnglesHint: {x: 0, y: 0, z: 0}
--- !u!4 &4202771664195308
Transform:
  m_ObjectHideFlags: 1
  m_PrefabParentObject: {fileID: 0}
  m_PrefabInternal: {fileID: 100100000}
  m_GameObject: {fileID: 1379767546524486}
  m_LocalRotation: {x: 0, y: -3.2693236e-14, z: -0, w: 1}
  m_LocalPosition: {x: -0.11852554, y: -4.5474734e-15, z: -1.688157e-15}
  m_LocalScale: {x: 1, y: 1, z: 1}
  m_Children:
  - {fileID: 4271342417859044}
  - {fileID: 4801994229450712}
  - {fileID: 4518413847268640}
  - {fileID: 4996636058234818}
  m_Father: {fileID: 4619103649373628}
  m_RootOrder: 0
  m_LocalEulerAnglesHint: {x: 0, y: 0, z: 0}
--- !u!4 &4226579099337910
Transform:
  m_ObjectHideFlags: 1
  m_PrefabParentObject: {fileID: 0}
  m_PrefabInternal: {fileID: 100100000}
  m_GameObject: {fileID: 1412760039835062}
  m_LocalRotation: {x: -0.7071068, y: 0, z: -0, w: 0.7071068}
  m_LocalPosition: {x: -0, y: 0, z: 0}
  m_LocalScale: {x: 1, y: 1, z: 1}
  m_Children: []
  m_Father: {fileID: 4145096301147072}
  m_RootOrder: 8
  m_LocalEulerAnglesHint: {x: 0, y: 0, z: 0}
--- !u!4 &4234657560528468
Transform:
  m_ObjectHideFlags: 1
  m_PrefabParentObject: {fileID: 0}
  m_PrefabInternal: {fileID: 100100000}
  m_GameObject: {fileID: 1133726755579672}
  m_LocalRotation: {x: -0.018013421, y: 0.9936487, z: -0.04472798, w: -0.101671875}
  m_LocalPosition: {x: 0.05381567, y: -0.00000002987478, z: -0.1050124}
  m_LocalScale: {x: 1, y: 1, z: 1}
  m_Children:
  - {fileID: 4003311821383286}
  m_Father: {fileID: 4335763456557032}
  m_RootOrder: 1
  m_LocalEulerAnglesHint: {x: 0, y: 0, z: 0}
--- !u!4 &4271342417859044
Transform:
  m_ObjectHideFlags: 1
  m_PrefabParentObject: {fileID: 0}
  m_PrefabInternal: {fileID: 100100000}
  m_GameObject: {fileID: 1565072554503870}
  m_LocalRotation: {x: -8.981368e-21, y: -5.148539e-15, z: 0.00000006067547, w: 1}
  m_LocalPosition: {x: 0.06838997, y: -0.25794137, z: -0.0006362323}
  m_LocalScale: {x: 1.0483751, y: 1.0483747, z: 1.0483749}
  m_Children: []
  m_Father: {fileID: 4202771664195308}
  m_RootOrder: 0
  m_LocalEulerAnglesHint: {x: 0, y: 0, z: 0}
--- !u!4 &4316313341789888
Transform:
  m_ObjectHideFlags: 1
  m_PrefabParentObject: {fileID: 0}
  m_PrefabInternal: {fileID: 100100000}
  m_GameObject: {fileID: 1913354825412030}
  m_LocalRotation: {x: 1.1553136e-29, y: 1.6259594e-15, z: -7.1054274e-15, w: 1}
  m_LocalPosition: {x: -0.022499999, y: 0, z: -0.000000009536743}
  m_LocalScale: {x: 1, y: 1, z: 1}
  m_Children: []
  m_Father: {fileID: 4916398686749354}
  m_RootOrder: 0
  m_LocalEulerAnglesHint: {x: 0, y: 0, z: 0}
--- !u!4 &4335763456557032
Transform:
  m_ObjectHideFlags: 1
  m_PrefabParentObject: {fileID: 0}
  m_PrefabInternal: {fileID: 100100000}
  m_GameObject: {fileID: 1021392106505606}
  m_LocalRotation: {x: 0.5, y: -0.5, z: -0.50000006, w: 0.50000006}
  m_LocalPosition: {x: 1.4253037e-14, y: 0.27647597, z: -0.00000005748322}
  m_LocalScale: {x: 1, y: 1, z: 1}
  m_Children:
  - {fileID: 4354241833065304}
  - {fileID: 4234657560528468}
  - {fileID: 4620583994036068}
  - {fileID: 4815759139997320}
  m_Father: {fileID: 4145096301147072}
  m_RootOrder: 1
  m_LocalEulerAnglesHint: {x: 0, y: 0, z: 0}
--- !u!4 &4335843886116330
Transform:
  m_ObjectHideFlags: 1
  m_PrefabParentObject: {fileID: 0}
  m_PrefabInternal: {fileID: 100100000}
  m_GameObject: {fileID: 1380576047488284}
  m_LocalRotation: {x: 0.0015025601, y: -0.0007805496, z: 0.99978137, w: -0.0208429}
  m_LocalPosition: {x: -0.5519931, y: 0.57375306, z: -0.01578549}
  m_LocalScale: {x: 1, y: 1, z: 1}
  m_Children: []
  m_Father: {fileID: 4145096301147072}
  m_RootOrder: 2
  m_LocalEulerAnglesHint: {x: 0, y: 0, z: 0}
--- !u!4 &4346237783955932
Transform:
  m_ObjectHideFlags: 1
  m_PrefabParentObject: {fileID: 0}
  m_PrefabInternal: {fileID: 100100000}
  m_GameObject: {fileID: 1921939570491994}
  m_LocalRotation: {x: 0.5, y: -0.5, z: -0.50000006, w: 0.50000006}
  m_LocalPosition: {x: -0, y: 0, z: 0}
  m_LocalScale: {x: 1, y: 1, z: 1}
  m_Children: []
  m_Father: {fileID: 4145096301147072}
  m_RootOrder: 5
  m_LocalEulerAnglesHint: {x: 0, y: 0, z: 0}
--- !u!4 &4349606625306660
Transform:
  m_ObjectHideFlags: 1
  m_PrefabParentObject: {fileID: 0}
  m_PrefabInternal: {fileID: 100100000}
  m_GameObject: {fileID: 1879663545888594}
  m_LocalRotation: {x: 0.000000060361344, y: -0.000000023610484, z: -0.000000009313225,
    w: 1}
  m_LocalPosition: {x: -0.07036396, y: -0.0029349518, z: 0.00019634604}
  m_LocalScale: {x: 0.99999994, y: 0.99999994, z: 1.0000001}
  m_Children:
  - {fileID: 4065904580837452}
  m_Father: {fileID: 4004218417076584}
  m_RootOrder: 0
  m_LocalEulerAnglesHint: {x: 0, y: 0, z: 0}
--- !u!4 &4354241833065304
Transform:
  m_ObjectHideFlags: 1
  m_PrefabParentObject: {fileID: 0}
  m_PrefabInternal: {fileID: 100100000}
  m_GameObject: {fileID: 1953132621138764}
  m_LocalRotation: {x: -0.018065726, y: 0.99363124, z: 0.045110065, w: 0.10166478}
  m_LocalPosition: {x: 0.05381567, y: -0.000000017533422, z: 0.10501245}
  m_LocalScale: {x: 1, y: 1, z: 1.0000001}
  m_Children:
  - {fileID: 4146956460957250}
  m_Father: {fileID: 4335763456557032}
  m_RootOrder: 0
  m_LocalEulerAnglesHint: {x: 0, y: 0, z: 0}
--- !u!4 &4359852568279568
Transform:
  m_ObjectHideFlags: 1
  m_PrefabParentObject: {fileID: 0}
  m_PrefabInternal: {fileID: 100100000}
  m_GameObject: {fileID: 1262013148281606}
  m_LocalRotation: {x: -0.00000006024493, y: 0.000000023614122, z: -0.0000000074505797,
    w: 1}
  m_LocalPosition: {x: -0.07036396, y: -0.0029349898, z: -0.00019634604}
  m_LocalScale: {x: 0.99999994, y: 0.99999994, z: 1.0000001}
  m_Children:
  - {fileID: 4587204684387088}
  m_Father: {fileID: 4783910897977016}
  m_RootOrder: 0
  m_LocalEulerAnglesHint: {x: 0, y: 0, z: 0}
--- !u!4 &4422928861395160
Transform:
  m_ObjectHideFlags: 1
  m_PrefabParentObject: {fileID: 0}
  m_PrefabInternal: {fileID: 100100000}
  m_GameObject: {fileID: 1233895755195012}
  m_LocalRotation: {x: 0.000000021107411, y: -0.000000014414815, z: -0.000000021264935,
    w: 1}
  m_LocalPosition: {x: -0.012893085, y: 0.00093141076, z: -0.0007627106}
  m_LocalScale: {x: 0.6783915, y: 0.6783913, z: 0.67839146}
  m_Children: []
  m_Father: {fileID: 4031313335547944}
  m_RootOrder: 1
  m_LocalEulerAnglesHint: {x: 0, y: 0, z: 0}
--- !u!4 &4441359365096930
Transform:
  m_ObjectHideFlags: 1
  m_PrefabParentObject: {fileID: 0}
  m_PrefabInternal: {fileID: 100100000}
  m_GameObject: {fileID: 1484534302817546}
  m_LocalRotation: {x: 0.0015235617, y: 0.009528559, z: 0.009854063, w: 0.99990493}
  m_LocalPosition: {x: -0.18256, y: 0.0000000011920929, z: -0.000000038146972}
  m_LocalScale: {x: 0.99999994, y: 1.0000001, z: 1}
  m_Children:
  - {fileID: 4004218417076584}
  - {fileID: 4792639744494752}
  m_Father: {fileID: 4703214742927632}
  m_RootOrder: 0
  m_LocalEulerAnglesHint: {x: 0, y: 0, z: 0}
--- !u!4 &4467642831878954
Transform:
  m_ObjectHideFlags: 1
  m_PrefabParentObject: {fileID: 0}
  m_PrefabInternal: {fileID: 100100000}
  m_GameObject: {fileID: 1666549870947834}
  m_LocalRotation: {x: -0.015659818, y: 0.1293917, z: -0.0070436792, w: 0.9914449}
  m_LocalPosition: {x: -0.03703455, y: -0.000000038146972, z: 0.000000038146972}
  m_LocalScale: {x: 1.0000001, y: 1, z: 1}
  m_Children: []
  m_Father: {fileID: 4756759799930132}
  m_RootOrder: 0
  m_LocalEulerAnglesHint: {x: 0, y: 0, z: 0}
--- !u!4 &4503679540110202
Transform:
  m_ObjectHideFlags: 1
  m_PrefabParentObject: {fileID: 0}
  m_PrefabInternal: {fileID: 100100000}
  m_GameObject: {fileID: 1321938453777754}
  m_LocalRotation: {x: -0.000000023429013, y: 0.000000098669574, z: 0.00000006332856,
    w: 1}
  m_LocalPosition: {x: 0.0030717468, y: 0.0014691544, z: 0.0000000035762786}
  m_LocalScale: {x: 0.91178465, y: 0.9117849, z: 0.9117844}
  m_Children: []
  m_Father: {fileID: 4004218417076584}
  m_RootOrder: 2
  m_LocalEulerAnglesHint: {x: 0, y: 0, z: 0}
--- !u!4 &4508644279585298
Transform:
  m_ObjectHideFlags: 1
  m_PrefabParentObject: {fileID: 0}
  m_PrefabInternal: {fileID: 100100000}
  m_GameObject: {fileID: 1191577423575270}
  m_LocalRotation: {x: 0.001105779, y: 0.00390247, z: -0.074587956, w: 0.9972062}
  m_LocalPosition: {x: -0.08832425, y: 0, z: 0}
  m_LocalScale: {x: 1, y: 1, z: 1}
  m_Children:
  - {fileID: 4031313335547944}
  - {fileID: 4996454181290442}
  m_Father: {fileID: 4996636058234818}
  m_RootOrder: 0
  m_LocalEulerAnglesHint: {x: 0, y: 0, z: 0}
--- !u!4 &4516001620947198
Transform:
  m_ObjectHideFlags: 1
  m_PrefabParentObject: {fileID: 0}
  m_PrefabInternal: {fileID: 100100000}
  m_GameObject: {fileID: 1876586084167602}
  m_LocalRotation: {x: 0.5, y: -0.5, z: -0.50000006, w: 0.50000006}
  m_LocalPosition: {x: 0.14133586, y: -8.614065e-15, z: -0.00000003173503}
  m_LocalScale: {x: 1, y: 1, z: 1}
  m_Children: []
  m_Father: {fileID: 4145096301147072}
  m_RootOrder: 4
  m_LocalEulerAnglesHint: {x: 0, y: 0, z: 0}
--- !u!4 &4518413847268640
Transform:
  m_ObjectHideFlags: 1
  m_PrefabParentObject: {fileID: 0}
  m_PrefabInternal: {fileID: 100100000}
  m_GameObject: {fileID: 1151159744148140}
  m_LocalRotation: {x: -7.105422e-15, y: 2.5571742e-14, z: 7.1054274e-15, w: 1}
  m_LocalPosition: {x: -0.036628302, y: 0.0000000075685875, z: 7.3047687e-16}
  m_LocalScale: {x: 1, y: 1, z: 1}
  m_Children:
  - {fileID: 4025723974120718}
  m_Father: {fileID: 4202771664195308}
  m_RootOrder: 2
  m_LocalEulerAnglesHint: {x: 0, y: 0, z: 0}
--- !u!4 &4532845168728078
Transform:
  m_ObjectHideFlags: 1
  m_PrefabParentObject: {fileID: 0}
  m_PrefabInternal: {fileID: 100100000}
  m_GameObject: {fileID: 1798264092903534}
  m_LocalRotation: {x: 0.5, y: -0.5, z: -0.50000006, w: 0.50000006}
  m_LocalPosition: {x: -0.14133586, y: 9.86884e-15, z: -0.000000007023077}
  m_LocalScale: {x: 1, y: 1, z: 1}
  m_Children: []
  m_Father: {fileID: 4145096301147072}
  m_RootOrder: 0
  m_LocalEulerAnglesHint: {x: 0, y: 0, z: 0}
--- !u!4 &4587204684387088
Transform:
  m_ObjectHideFlags: 1
  m_PrefabParentObject: {fileID: 0}
  m_PrefabInternal: {fileID: 100100000}
  m_GameObject: {fileID: 1106135060208106}
  m_LocalRotation: {x: -0.00000006024493, y: 0.000000023614122, z: -0.0000000074505797,
    w: 1}
  m_LocalPosition: {x: -0.061029546, y: 0, z: 0.0000000011920929}
  m_LocalScale: {x: 0.99999994, y: 0.99999994, z: 1.0000001}
  m_Children: []
  m_Father: {fileID: 4359852568279568}
  m_RootOrder: 0
  m_LocalEulerAnglesHint: {x: 0, y: 0, z: 0}
--- !u!4 &4593160828960432
Transform:
  m_ObjectHideFlags: 1
  m_PrefabParentObject: {fileID: 0}
  m_PrefabInternal: {fileID: 100100000}
  m_GameObject: {fileID: 1562411628586204}
  m_LocalRotation: {x: 0.000013054674, y: 0.000000010670052, z: 0.0016304596, w: 0.9999987}
  m_LocalPosition: {x: -0.013004951, y: 0.00039706824, z: -0.00037693023}
  m_LocalScale: {x: 0.8115562, y: 0.81155664, z: 0.8115566}
  m_Children: []
  m_Father: {fileID: 4703214742927632}
  m_RootOrder: 1
  m_LocalEulerAnglesHint: {x: 0, y: 0, z: 0}
--- !u!4 &4619103649373628
Transform:
  m_ObjectHideFlags: 1
  m_PrefabParentObject: {fileID: 0}
  m_PrefabInternal: {fileID: 100100000}
  m_GameObject: {fileID: 1494848455060806}
  m_LocalRotation: {x: 7.1054274e-15, y: -7.121491e-15, z: -7.1054274e-15, w: 1}
  m_LocalPosition: {x: -0.14499623, y: 0, z: -2.0651796e-15}
  m_LocalScale: {x: 1, y: 1, z: 1}
  m_Children:
  - {fileID: 4202771664195308}
  m_Father: {fileID: 4620583994036068}
  m_RootOrder: 0
  m_LocalEulerAnglesHint: {x: 0, y: 0, z: 0}
--- !u!4 &4620583994036068
Transform:
  m_ObjectHideFlags: 1
  m_PrefabParentObject: {fileID: 0}
  m_PrefabInternal: {fileID: 100100000}
  m_GameObject: {fileID: 1465080750146218}
  m_LocalRotation: {x: -7.105422e-15, y: 2.5571742e-14, z: 7.1054274e-15, w: 1}
  m_LocalPosition: {x: -0.037385575, y: 0.0000000077250615, z: 7.455798e-16}
  m_LocalScale: {x: 1, y: 1, z: 1}
  m_Children:
  - {fileID: 4619103649373628}
  m_Father: {fileID: 4335763456557032}
  m_RootOrder: 2
  m_LocalEulerAnglesHint: {x: 0, y: 0, z: 0}
--- !u!4 &4676822868624916
Transform:
  m_ObjectHideFlags: 1
  m_PrefabParentObject: {fileID: 0}
  m_PrefabInternal: {fileID: 100100000}
  m_GameObject: {fileID: 1763478387580138}
  m_LocalRotation: {x: 0.000000044237826, y: -0.000000042840835, z: 0.000000043713957,
    w: 1}
  m_LocalPosition: {x: -0, y: 0, z: 0}
  m_LocalScale: {x: 1, y: 1, z: 1}
  m_Children: []
  m_Father: {fileID: 4118827151330136}
  m_RootOrder: 0
  m_LocalEulerAnglesHint: {x: 0, y: 0, z: 0}
--- !u!4 &4703214742927632
Transform:
  m_ObjectHideFlags: 1
  m_PrefabParentObject: {fileID: 0}
  m_PrefabInternal: {fileID: 100100000}
  m_GameObject: {fileID: 1793368739250990}
  m_LocalRotation: {x: -0.0011057854, y: -0.0039025575, z: -0.074587956, w: 0.9972062}
  m_LocalPosition: {x: -0.08832425, y: -0.0000000017881393, z: 0}
  m_LocalScale: {x: 1, y: 1, z: 1}
  m_Children:
  - {fileID: 4441359365096930}
  - {fileID: 4593160828960432}
  m_Father: {fileID: 4801994229450712}
  m_RootOrder: 0
  m_LocalEulerAnglesHint: {x: 0, y: 0, z: 0}
--- !u!4 &4745200239278642
Transform:
  m_ObjectHideFlags: 1
  m_PrefabParentObject: {fileID: 0}
  m_PrefabInternal: {fileID: 100100000}
  m_GameObject: {fileID: 1923021025214108}
  m_LocalRotation: {x: 0.000000021855694, y: 0, z: -0, w: 1}
  m_LocalPosition: {x: -0.000000003052692, y: 0.45537773, z: -0.021820744}
  m_LocalScale: {x: 1, y: 1, z: 1}
  m_Children: []
  m_Father: {fileID: 4145096301147072}
  m_RootOrder: 7
  m_LocalEulerAnglesHint: {x: 0, y: 0, z: 0}
--- !u!4 &4752522355149506
Transform:
  m_ObjectHideFlags: 1
  m_PrefabParentObject: {fileID: 0}
  m_PrefabInternal: {fileID: 100100000}
  m_GameObject: {fileID: 1322089738875454}
  m_LocalRotation: {x: -0.061205074, y: 0.46747923, z: -0.021653267, w: 0.88161683}
  m_LocalPosition: {x: -0.047959633, y: 0.007909278, z: 0.065875545}
  m_LocalScale: {x: 1.0000001, y: 0.99999994, z: 0.9999999}
  m_Children:
  - {fileID: 4017641756075898}
  m_Father: {fileID: 4783910897977016}
  m_RootOrder: 1
  m_LocalEulerAnglesHint: {x: 0, y: 0, z: 0}
--- !u!4 &4756759799930132
Transform:
  m_ObjectHideFlags: 1
  m_PrefabParentObject: {fileID: 0}
  m_PrefabInternal: {fileID: 100100000}
  m_GameObject: {fileID: 1795673100265454}
  m_LocalRotation: {x: 0.061205037, y: -0.46747833, z: -0.021653261, w: 0.8816173}
  m_LocalPosition: {x: -0.047959633, y: 0.007909278, z: -0.065875545}
  m_LocalScale: {x: 1.0000001, y: 0.99999994, z: 0.99999994}
  m_Children:
  - {fileID: 4467642831878954}
  m_Father: {fileID: 4004218417076584}
  m_RootOrder: 1
  m_LocalEulerAnglesHint: {x: 0, y: 0, z: 0}
--- !u!4 &4770878707440750
Transform:
  m_ObjectHideFlags: 1
  m_PrefabParentObject: {fileID: 0}
  m_PrefabInternal: {fileID: 100100000}
  m_GameObject: {fileID: 1959313469298818}
  m_LocalRotation: {x: 1.1553136e-29, y: 1.6259594e-15, z: -7.1054274e-15, w: 1}
  m_LocalPosition: {x: -0.022499999, y: 0, z: -0.000000009536743}
  m_LocalScale: {x: 1, y: 1, z: 1}
  m_Children: []
  m_Father: {fileID: 4024122137751970}
  m_RootOrder: 0
  m_LocalEulerAnglesHint: {x: 0, y: 0, z: 0}
--- !u!4 &4783910897977016
Transform:
  m_ObjectHideFlags: 1
  m_PrefabParentObject: {fileID: 0}
  m_PrefabInternal: {fileID: 100100000}
  m_GameObject: {fileID: 1466571173103410}
  m_LocalRotation: {x: -0.70719707, y: -0.0033390718, z: -0.01825973, w: 0.7067728}
  m_LocalPosition: {x: -0.15997232, y: -0.0000000011920929, z: 0}
  m_LocalScale: {x: 0.99999994, y: 1, z: 1.0000001}
  m_Children:
  - {fileID: 4359852568279568}
  - {fileID: 4752522355149506}
  - {fileID: 4118827151330136}
  m_Father: {fileID: 4031313335547944}
  m_RootOrder: 0
  m_LocalEulerAnglesHint: {x: 0, y: 0, z: 0}
--- !u!4 &4792639744494752
Transform:
  m_ObjectHideFlags: 1
  m_PrefabParentObject: {fileID: 0}
  m_PrefabInternal: {fileID: 100100000}
  m_GameObject: {fileID: 1028240534479916}
  m_LocalRotation: {x: -0.000000032604934, y: -0.000000039812356, z: 0.00000009290666,
    w: 1}
  m_LocalPosition: {x: -0.012128295, y: 0.0009176248, z: 0.00077121734}
  m_LocalScale: {x: 0.67839164, y: 0.67839134, z: 0.67839146}
  m_Children: []
  m_Father: {fileID: 4441359365096930}
  m_RootOrder: 1
  m_LocalEulerAnglesHint: {x: 0, y: 0, z: 0}
--- !u!4 &4801994229450712
Transform:
  m_ObjectHideFlags: 1
  m_PrefabParentObject: {fileID: 0}
  m_PrefabInternal: {fileID: 100100000}
  m_GameObject: {fileID: 1348463519923428}
  m_LocalRotation: {x: 0.052169457, y: 0.7051797, z: 0.052169457, w: 0.70517963}
  m_LocalPosition: {x: -0, y: 0, z: 0.052176174}
  m_LocalScale: {x: 1, y: 1, z: 1}
  m_Children:
  - {fileID: 4703214742927632}
  m_Father: {fileID: 4202771664195308}
  m_RootOrder: 1
  m_LocalEulerAnglesHint: {x: 0, y: 0, z: 0}
--- !u!4 &4815759139997320
Transform:
  m_ObjectHideFlags: 1
  m_PrefabParentObject: {fileID: 0}
  m_PrefabInternal: {fileID: 100100000}
  m_GameObject: {fileID: 1765022362109138}
  m_LocalRotation: {x: -0.101623945, y: 0.9588634, z: 0.082490325, w: -0.25189078}
  m_LocalPosition: {x: -0.07029646, y: 0.07033183, z: -0.15122548}
  m_LocalScale: {x: 0.9999999, y: 1, z: 1.0000004}
  m_Children: []
  m_Father: {fileID: 4335763456557032}
  m_RootOrder: 3
  m_LocalEulerAnglesHint: {x: 0, y: 0, z: 0}
--- !u!4 &4822894815300914
Transform:
  m_ObjectHideFlags: 1
  m_PrefabParentObject: {fileID: 0}
  m_PrefabInternal: {fileID: 100100000}
  m_GameObject: {fileID: 1744089212040502}
  m_LocalRotation: {x: 0.9997813, y: -0.020842955, z: 0.0015023801, w: -0.0007805489}
  m_LocalPosition: {x: 0.551992, y: 0.57375294, z: -0.015785594}
  m_LocalScale: {x: 1, y: 1, z: 1}
  m_Children: []
  m_Father: {fileID: 4145096301147072}
  m_RootOrder: 3
  m_LocalEulerAnglesHint: {x: 0, y: 0, z: 0}
--- !u!4 &4916398686749354
Transform:
  m_ObjectHideFlags: 1
  m_PrefabParentObject: {fileID: 0}
  m_PrefabInternal: {fileID: 100100000}
  m_GameObject: {fileID: 1180514365028002}
  m_LocalRotation: {x: 0.0000008045993, y: -0.00006697376, z: -0.013647867, w: 0.9999069}
  m_LocalPosition: {x: -0.05050164, y: 0, z: 0}
  m_LocalScale: {x: 1.0000001, y: 1.0000001, z: 1}
  m_Children:
  - {fileID: 4316313341789888}
  m_Father: {fileID: 4954934381567160}
  m_RootOrder: 0
  m_LocalEulerAnglesHint: {x: 0, y: 0, z: 0}
--- !u!4 &4954934381567160
Transform:
  m_ObjectHideFlags: 1
  m_PrefabParentObject: {fileID: 0}
  m_PrefabInternal: {fileID: 100100000}
  m_GameObject: {fileID: 1149162439856696}
  m_LocalRotation: {x: 0.08869919, y: -0.027983319, z: -0.7239715, w: 0.6835311}
  m_LocalPosition: {x: -0.12241279, y: 0, z: 0}
  m_LocalScale: {x: 0.9999999, y: 0.99999976, z: 0.99999994}
  m_Children:
  - {fileID: 4916398686749354}
  m_Father: {fileID: 4003311821383286}
  m_RootOrder: 0
  m_LocalEulerAnglesHint: {x: 0, y: 0, z: 0}
--- !u!4 &4996454181290442
Transform:
  m_ObjectHideFlags: 1
  m_PrefabParentObject: {fileID: 0}
  m_PrefabInternal: {fileID: 100100000}
  m_GameObject: {fileID: 1264774665400076}
  m_LocalRotation: {x: 0.00000008857848, y: 0.000000011188857, z: -0.000000088758384,
    w: 1}
  m_LocalPosition: {x: -0.0130035775, y: 0.00043946982, z: -0.00037696838}
  m_LocalScale: {x: 0.81155646, y: 0.81155664, z: 0.8115566}
  m_Children: []
  m_Father: {fileID: 4508644279585298}
  m_RootOrder: 1
  m_LocalEulerAnglesHint: {x: 0, y: 0, z: 0}
--- !u!4 &4996636058234818
Transform:
  m_ObjectHideFlags: 1
  m_PrefabParentObject: {fileID: 0}
  m_PrefabInternal: {fileID: 100100000}
  m_GameObject: {fileID: 1871363825865820}
  m_LocalRotation: {x: -0.052169457, y: -0.7051797, z: 0.052169457, w: 0.70517963}
  m_LocalPosition: {x: -0, y: 0, z: -0.052176174}
  m_LocalScale: {x: 1, y: 1, z: 1}
  m_Children:
  - {fileID: 4508644279585298}
  m_Father: {fileID: 4202771664195308}
  m_RootOrder: 3
  m_LocalEulerAnglesHint: {x: 0, y: 0, z: 0}
--- !u!23 &23475319021961626
MeshRenderer:
  m_ObjectHideFlags: 1
  m_PrefabParentObject: {fileID: 0}
  m_PrefabInternal: {fileID: 100100000}
  m_GameObject: {fileID: 1289460357999230}
  m_Enabled: 1
  m_CastShadows: 1
  m_ReceiveShadows: 1
  m_MotionVectors: 1
  m_LightProbeUsage: 1
  m_ReflectionProbeUsage: 1
  m_Materials:
  - {fileID: 2100000, guid: 1a34c8866473e084683a10fd69f98527, type: 2}
  m_StaticBatchInfo:
    firstSubMesh: 0
    subMeshCount: 0
  m_StaticBatchRoot: {fileID: 0}
  m_ProbeAnchor: {fileID: 0}
  m_LightProbeVolumeOverride: {fileID: 0}
  m_ScaleInLightmap: 1
  m_PreserveUVs: 0
  m_IgnoreNormalsForChartDetection: 0
  m_ImportantGI: 0
  m_SelectedEditorRenderState: 3
  m_MinimumChartSize: 4
  m_AutoUVMaxDistance: 0.5
  m_AutoUVMaxAngle: 89
  m_LightmapParameters: {fileID: 0}
  m_SortingLayerID: 0
  m_SortingLayer: 0
  m_SortingOrder: 0
--- !u!23 &23623412372838530
MeshRenderer:
  m_ObjectHideFlags: 1
  m_PrefabParentObject: {fileID: 0}
  m_PrefabInternal: {fileID: 100100000}
  m_GameObject: {fileID: 1736064554089736}
  m_Enabled: 1
  m_CastShadows: 1
  m_ReceiveShadows: 1
  m_MotionVectors: 1
  m_LightProbeUsage: 1
  m_ReflectionProbeUsage: 1
  m_Materials:
  - {fileID: 2100000, guid: cc7344c491726244d8684f42ea8658bd, type: 2}
  m_StaticBatchInfo:
    firstSubMesh: 0
    subMeshCount: 0
  m_StaticBatchRoot: {fileID: 0}
  m_ProbeAnchor: {fileID: 0}
  m_LightProbeVolumeOverride: {fileID: 0}
  m_ScaleInLightmap: 1
  m_PreserveUVs: 0
  m_IgnoreNormalsForChartDetection: 0
  m_ImportantGI: 0
  m_SelectedEditorRenderState: 3
  m_MinimumChartSize: 4
  m_AutoUVMaxDistance: 0.5
  m_AutoUVMaxAngle: 89
  m_LightmapParameters: {fileID: 0}
  m_SortingLayerID: 0
  m_SortingLayer: 0
  m_SortingOrder: 0
--- !u!23 &23900204489274178
MeshRenderer:
  m_ObjectHideFlags: 1
  m_PrefabParentObject: {fileID: 0}
  m_PrefabInternal: {fileID: 100100000}
  m_GameObject: {fileID: 1763478387580138}
  m_Enabled: 1
  m_CastShadows: 1
  m_ReceiveShadows: 1
  m_MotionVectors: 1
  m_LightProbeUsage: 1
  m_ReflectionProbeUsage: 1
  m_Materials:
  - {fileID: 2100000, guid: ac4dd9c2105f87e4699d893de025fa80, type: 2}
  m_StaticBatchInfo:
    firstSubMesh: 0
    subMeshCount: 0
  m_StaticBatchRoot: {fileID: 0}
  m_ProbeAnchor: {fileID: 0}
  m_LightProbeVolumeOverride: {fileID: 0}
  m_ScaleInLightmap: 1
  m_PreserveUVs: 0
  m_IgnoreNormalsForChartDetection: 0
  m_ImportantGI: 0
  m_SelectedEditorRenderState: 3
  m_MinimumChartSize: 4
  m_AutoUVMaxDistance: 0.5
  m_AutoUVMaxAngle: 89
  m_LightmapParameters: {fileID: 0}
  m_SortingLayerID: 0
  m_SortingLayer: 0
  m_SortingOrder: 0
--- !u!33 &33015475393656860
MeshFilter:
  m_ObjectHideFlags: 1
  m_PrefabParentObject: {fileID: 0}
  m_PrefabInternal: {fileID: 100100000}
  m_GameObject: {fileID: 1763478387580138}
  m_Mesh: {fileID: 4300004, guid: 1b7945602ded3ec43804b120aa9ed037, type: 3}
--- !u!33 &33191015318509206
MeshFilter:
  m_ObjectHideFlags: 1
  m_PrefabParentObject: {fileID: 0}
  m_PrefabInternal: {fileID: 100100000}
  m_GameObject: {fileID: 1736064554089736}
  m_Mesh: {fileID: 4300000, guid: 1b7945602ded3ec43804b120aa9ed037, type: 3}
--- !u!33 &33725938417083136
MeshFilter:
  m_ObjectHideFlags: 1
  m_PrefabParentObject: {fileID: 0}
  m_PrefabInternal: {fileID: 100100000}
  m_GameObject: {fileID: 1289460357999230}
  m_Mesh: {fileID: 4300002, guid: 1b7945602ded3ec43804b120aa9ed037, type: 3}
--- !u!95 &95197702748113494
Animator:
  serializedVersion: 3
  m_ObjectHideFlags: 1
  m_PrefabParentObject: {fileID: 0}
  m_PrefabInternal: {fileID: 100100000}
  m_GameObject: {fileID: 1440116581331662}
  m_Enabled: 1
  m_Avatar: {fileID: 9000000, guid: e1345f231bddd7a488397fb5ca71c0cb, type: 3}
  m_Controller: {fileID: 9100000, guid: fd7d6403dfa0ffb42919373a37b33a5e, type: 2}
  m_CullingMode: 0
  m_UpdateMode: 0
  m_ApplyRootMotion: 0
  m_LinearVelocityBlending: 0
  m_WarningMessage: 
  m_HasTransformHierarchy: 1
  m_AllowConstantClipSamplingOptimization: 1
--- !u!114 &114629767694352414
MonoBehaviour:
  m_ObjectHideFlags: 1
  m_PrefabParentObject: {fileID: 0}
  m_PrefabInternal: {fileID: 100100000}
  m_GameObject: {fileID: 1440116581331662}
  m_Enabled: 1
  m_EditorHideFlags: 0
  m_Script: {fileID: 11500000, guid: 971d1182bb715114982a50a15e816594, type: 3}
  m_Name: 
  m_EditorClassIdentifier: 
  targetPos: {x: 0, y: 0, z: 0}
  pointer: {fileID: 1842321990903618, guid: c8a481ca3ff96654a8134a52b57ee62f, type: 2}
  spawnManager: {fileID: 0}
  heroData: {fileID: 0}
  target: {fileID: 0}
  countDown: 0
--- !u!114 &114711611331815260
MonoBehaviour:
  m_ObjectHideFlags: 1
  m_PrefabParentObject: {fileID: 0}
  m_PrefabInternal: {fileID: 100100000}
  m_GameObject: {fileID: 1440116581331662}
  m_Enabled: 1
  m_EditorHideFlags: 0
  m_Script: {fileID: 11500000, guid: 14eba7ddc14a813468493bd9c893b12e, type: 3}
  m_Name: 
  m_EditorClassIdentifier: 
  range: 15
  fireRate: 1
  state: 0
  damage: 10
  projectile: {fileID: 1541354710850152, guid: a6f72196a5f18ef4a8f268abe1367219, type: 2}
  heroName: Lumberjack
--- !u!137 &137172868039609168
SkinnedMeshRenderer:
  m_ObjectHideFlags: 1
  m_PrefabParentObject: {fileID: 0}
  m_PrefabInternal: {fileID: 100100000}
  m_GameObject: {fileID: 1184842207643730}
  m_Enabled: 1
  m_CastShadows: 1
  m_ReceiveShadows: 1
  m_MotionVectors: 1
  m_LightProbeUsage: 1
  m_ReflectionProbeUsage: 1
  m_Materials:
  - {fileID: 2100000, guid: 22a364e606e45354bb981ef2bf74a19c, type: 2}
  m_StaticBatchInfo:
    firstSubMesh: 0
    subMeshCount: 0
  m_StaticBatchRoot: {fileID: 0}
  m_ProbeAnchor: {fileID: 0}
  m_LightProbeVolumeOverride: {fileID: 0}
  m_ScaleInLightmap: 1
  m_PreserveUVs: 0
  m_IgnoreNormalsForChartDetection: 0
  m_ImportantGI: 0
  m_SelectedEditorRenderState: 3
  m_MinimumChartSize: 4
  m_AutoUVMaxDistance: 0.5
  m_AutoUVMaxAngle: 89
  m_LightmapParameters: {fileID: 0}
  m_SortingLayerID: 0
  m_SortingLayer: 0
  m_SortingOrder: 0
  serializedVersion: 2
  m_Quality: 0
  m_UpdateWhenOffscreen: 0
  m_SkinnedMotionVectors: 1
  m_Mesh: {fileID: 4300008, guid: 1b7945602ded3ec43804b120aa9ed037, type: 3}
  m_Bones:
  - {fileID: 4271342417859044}
  - {fileID: 4620583994036068}
  - {fileID: 4335763456557032}
  - {fileID: 4234657560528468}
  - {fileID: 4004218417076584}
  - {fileID: 4202771664195308}
  - {fileID: 4619103649373628}
  - {fileID: 4025723974120718}
  m_BlendShapeWeights: []
  m_RootBone: {fileID: 4335763456557032}
  m_AABB:
    m_Center: {x: -0.24343485, y: -0.13401431, z: 0.0043094456}
    m_Extent: {x: 0.22080743, y: 0.25989002, z: 0.16961822}
  m_DirtyAABB: 0
--- !u!137 &137359823644415384
SkinnedMeshRenderer:
  m_ObjectHideFlags: 1
  m_PrefabParentObject: {fileID: 0}
  m_PrefabInternal: {fileID: 100100000}
  m_GameObject: {fileID: 1923021025214108}
  m_Enabled: 1
  m_CastShadows: 1
  m_ReceiveShadows: 1
  m_MotionVectors: 1
  m_LightProbeUsage: 1
  m_ReflectionProbeUsage: 1
  m_Materials:
  - {fileID: 2100000, guid: 37f0a3ade68ce29489320a7fa88ea0eb, type: 2}
  m_StaticBatchInfo:
    firstSubMesh: 0
    subMeshCount: 0
  m_StaticBatchRoot: {fileID: 0}
  m_ProbeAnchor: {fileID: 0}
  m_LightProbeVolumeOverride: {fileID: 0}
  m_ScaleInLightmap: 1
  m_PreserveUVs: 0
  m_IgnoreNormalsForChartDetection: 0
  m_ImportantGI: 0
  m_SelectedEditorRenderState: 3
  m_MinimumChartSize: 4
  m_AutoUVMaxDistance: 0.5
  m_AutoUVMaxAngle: 89
  m_LightmapParameters: {fileID: 0}
  m_SortingLayerID: 0
  m_SortingLayer: 0
  m_SortingOrder: 0
  serializedVersion: 2
  m_Quality: 0
  m_UpdateWhenOffscreen: 0
  m_SkinnedMotionVectors: 1
  m_Mesh: {fileID: 4300006, guid: 1b7945602ded3ec43804b120aa9ed037, type: 3}
  m_Bones:
  - {fileID: 4004218417076584}
  - {fileID: 4619103649373628}
  - {fileID: 4202771664195308}
  - {fileID: 4234657560528468}
  - {fileID: 4335763456557032}
  - {fileID: 4003311821383286}
  - {fileID: 4916398686749354}
  - {fileID: 4954934381567160}
  - {fileID: 4316313341789888}
  - {fileID: 4025723974120718}
  - {fileID: 4518413847268640}
  - {fileID: 4783910897977016}
  - {fileID: 4031313335547944}
  - {fileID: 4359852568279568}
  - {fileID: 4752522355149506}
  - {fileID: 4017641756075898}
  - {fileID: 4587204684387088}
  - {fileID: 4508644279585298}
  - {fileID: 4620583994036068}
  - {fileID: 4354241833065304}
  - {fileID: 4146956460957250}
  - {fileID: 4024122137751970}
  - {fileID: 4124449565692740}
  - {fileID: 4770878707440750}
  - {fileID: 4703214742927632}
  - {fileID: 4441359365096930}
  - {fileID: 4065904580837452}
  - {fileID: 4349606625306660}
  - {fileID: 4756759799930132}
  - {fileID: 4467642831878954}
  m_BlendShapeWeights: []
  m_RootBone: {fileID: 4335763456557032}
  m_AABB:
    m_Center: {x: -0.20526482, y: 0.00493823, z: 0}
    m_Extent: {x: 0.501385, y: 0.1668695, z: 0.6570965}
  m_DirtyAABB: 0
--- !u!195 &195553205078966924
NavMeshAgent:
  m_ObjectHideFlags: 1
  m_PrefabParentObject: {fileID: 0}
  m_PrefabInternal: {fileID: 100100000}
  m_GameObject: {fileID: 1440116581331662}
  m_Enabled: 1
  m_AgentTypeID: 0
  m_Radius: 0.5
  m_Speed: 3.5
  m_Acceleration: 8
  avoidancePriority: 50
  m_AngularSpeed: 120
  m_StoppingDistance: 0
  m_AutoTraverseOffMeshLink: 1
  m_AutoBraking: 1
  m_AutoRepath: 1
  m_Height: 2
  m_BaseOffset: 0
  m_WalkableMask: 4294967295
  m_ObstacleAvoidanceType: 4
